This file was created with JabRef 1.8.1.
Encoding: Cp1252

@PHDTHESIS{jjaPhD,
  author = {Jos{\'e} J{\'u}lio Alferes},
  title = {Semantics of Logic Programs with Explicit Negation},
  school = {Departamento de Inform{\'a}tica, Faculdade de Ci{\^e}ncias e Tecnologia,
	UniversidadeNova de Lisboa, Portugal},
  year = {1993},
}

@INPROCEEDINGS{answerSets,
  author = {Michael Gelfond and Vladimir Lifschitz},
  title = {Logic programs with classical negation},
  booktitle = {7th International Conference on Logic Programming},
  year = {1990},
  editor = {Warren and Szeredi},
  pages = {579--597},
  publisher = {MIT Press},
  owner = {Luis},
  timestamp = {2006.06.14},
}

@INPROCEEDINGS{wfsxArticle,
  author = {Luís Moniz Pereira and José Júlio Alferes},
  title = {Well-Founded Semantics for logic programs with explicit negation},
  booktitle = {European Conference on Artificial Intelligence},
  year = {1992},
  editor = {B. Neumann},
  pages = {102--106},
  publisher = {John Wiley \& Sons},
  owner = {Luis},
  timestamp = {2006.06.14},
}

@comment{jabref-meta: selector_author:Micahel Gelfond;}

