This file was created with JabRef 1.8.1.
Encoding: Cp1252

@misc{dartmouth,
	author={John McCarthy and Marvin Minsky and Nathaniel Rochester and Claude Shannon},
	title={A PROPOSAL FOR THE DARTMOUTH SUMMER RESEARCH PROJECT ON ARTIFICIAL INTELLIGENCE},
	year={1955},
	month={August},
	owner={luis},
	timestamp={2006.05.30}
}

@inproceedings{commonSense,
	author={John McCarthy},
	title={Programs with Common Sense},
	booktitle={Proceedings of the Teddington Conference on the Mechanization of Thought
		Processes},
	year={1959},
	publisher={Her Majesty's Stationary Office},
	address={London},
	pages={75--91}
}

@misc{logicAI,
	author={Nils J. Nilsson},
	title={Logic and Artificial Intelligence},
	year={1987},
	month={June},
	howpublished={MIT Workshop on Foundations of Artificial Intelligence}
}

@article{critique,
	author={Drew McDermott},
	title={A Critique of Pure Reason},
	journal={Computational Intelligence},
	volume={3},
	year={1987},
	pages={151--237}
}

@article{logicAlgorithmControl,
	author={Robert Kowalski},
	title={Algorithm = logic + control},
	journal={Commun. ACM},
	volume={22},
	year={1979},
	pages={424--436},
	number={7}
}

@article{resolutionPrinciple,
	author={John Alan Robinson},
	title={A Machine-Oriented Logic Based on the Resolution Principle},
	journal={J. ACM},
	volume={12},
	year={1965},
	pages={23--41},
	number={1}
}

@article{philoProblems,
	author={John McCarthy and Patrick Hayes},
	title={Some philosofical problems from the standpoint of Artificial Intelligence},
	journal={Machine Intelligence},
	volume={4},
	year={1969},
	pages={463--502}
}

@techreport{nmrTermIntroduction,
	author={Marvin Minsky},
	title={A framework for representing knowledge},
	institution={MIT Artificial Intelligence Laboratory},
	year={1974}
}

