This file was created with JabRef 1.8.1.
Encoding: Cp1252

@BOOK{nmrGrigoris,
  title = {Nonmonotonic Reasoning},
  publisher = {The MIT Press},
  year = {1997},
  author = {Grigoris Antoniou},
  series = {Artificial Intelligence Series},
  address = {Cambridge, Massachusets, USA},
  month = {April},
}

@ARTICLE{mooreAutoepistemic,
  author = {R. Moore},
  title = {Semantics considerations on nonmonotonic logic},
  journal = {Artificial Intelligence},
  year = {1985},
  volume = {25},
  pages = {75--94},
  owner = {Luis},
  timestamp = {2006.06.14},
}

@ARTICLE{reiterDefault,
  author = {R. Reiter},
  title = {A logic for defalut reasoning},
  journal = {Artificial Intelligence},
  year = {1980},
  volume = {13},
  pages = {68--93},
  owner = {Luis},
  timestamp = {2006.06.14},
}

