This file was created with JabRef 2.1.
Encoding: Cp1252

@BOOK{prologReliq,
  title = {How to solve it with Prolog},
  publisher = {Laborat{\'o}rio Nacional de Engenharia Civil},
  year = {1985},
  author = {Helder Coelho and Jos{\'e} Carlos Cotta and Lu{\'i}s Moniz Pereira},
  address = {Lisboa, Portugal},
  edition = {Forth},
  month = {June}
}

@TECHREPORT{prologReport,
  author = {A. Colmerauer and H. Kanoui and R. Pasero and P. Roussel},
  title = {Un système de communication homme-machine en français},
  institution = {Groupe de Intelligence Artificielle, Universite de Aix-Marseille
	II},
  year = {1973},
  owner = {Luis},
  timestamp = {2006.06.14}
}

@INPROCEEDINGS{birthProlog,
  author = {Alain Colmerauer and Philippe Roussel},
  title = {The Birth of Prolog},
  booktitle = {History of programming languages---II},
  year = {1996},
  editor = {Thomas J. Bergin and Richard G. Gibson},
  series = {ACM SIGPLAN Notices},
  pages = {331--367},
  address = {New York, NY, USA},
  publisher = {ACM Press/Addison-Wesley},
  book = {History of programming languages---II},
  chapter = {The birth of Prolog},
  doi = {http://doi.acm.org/10.1145/234286.1057820},
  isbn = {0-201-89502-1}
}

@ARTICLE{predicateProgramming,
  author = {M. H. van Emden and Robert A. Kowalski},
  title = {The Semantics of Predicate Logic as a Programming Language},
  journal = {Journal of the ACM},
  year = {1976},
  volume = {23},
  pages = {733--742},
  number = {4},
  month = {October}
}

@INPROCEEDINGS{kowalskiPredicate,
  author = {Robert A. Kowalski},
  title = {Predicate Logic as a Programming Language},
  booktitle = {Proceedings of IFIP'74},
  year = {1974},
  pages = {569--574},
  publisher = {North Holland Publishing Company},
  owner = {Luis},
  timestamp = {2006.06.14}
}

@BOOK{artProlog,
  title = {The Art of Prolog},
  publisher = {MIT Press},
  year = {1994},
  author = {Leon Sterling and Ehud Shapiro},
  edition = {Second}
}

@INPROCEEDINGS{prologCompiler,
  author = {D. H. Warren and L. M. Pereira and F. Pereira},
  title = {Prolog: The language and its implementation compared with Lisp},
  booktitle = {Symposium on AI and Programming Languages},
  year = {1977},
  pages = {109--115},
  publisher = {ACM SIGPLAN--SIGART},
  owner = {Luis},
  timestamp = {2006.06.14}
}

