This file was created with JabRef 2.1.
Encoding: Cp1252

@PHDTHESIS{alcantaraPhD,
  author = {João Alcântara},
  title = {Semânticas disjuntivas para programação em lógica estendida},
  school = {Departamento de Inform{\'a}tica, Faculdade de Ci{\^e}ncias e Tecnologia,
	UniversidadeNova de Lisboa, Portugal},
  year = {2006}
}

@BOOK{lmpBook,
  title = {Reasoning with logic programming},
  publisher = {Springer-Verlag Inc.},
  year = {1996},
  author = {Jos{\'e} J{\'u}lio Alferes and Lu{\'i}s Moniz Pereira},
  volume = {1111},
  address = {New York, NY, USA}
}

@PHDTHESIS{aparasPhD,
  author = {Joaquim Nunes Apar{\'i}cio},
  title = {Logic Programming: A Tool for Reasoning},
  school = {Departamento de Inform{\'a}tica, Faculdade de Ci{\^e}ncias e Tecnologia,
	UniversidadeNova de Lisboa, Portugal},
  year = {1993}
}

@INPROCEEDINGS{paraconsistentArticle,
  author = {Carlos Viegas Damásio and Luís Moniz Pereira},
  title = {A paraconsistent semantics detecting contradition support},
  booktitle = {4th International Conference on Logic Programming and Nonmonotonic
	Reasoning},
  year = {1997},
  editor = {J. Dix and U. Furbach and A. Nerode},
  series = {LNAI},
  pages = {224--243},
  publisher = {Springer},
  owner = {Luis},
  timestamp = {2006.06.14}
}

@BOOK{milkBook,
  title = {Evolving Knowledge Bases -- Specification and Semantics},
  publisher = {IOS Press},
  year = {2003},
  author = {Jo{\~a}o Alexandre Leite},
  volume = {81},
  series = {Frontiers in Artificial Intelligence and Applications}
}

@MISC{californication,
  author = {Red Hot Chili Peppers},
  title = {Around The World},
  howpublished = {Californication, Warner Bros.},
  year = {1999},
  owner = {Luis},
  timestamp = {2006.07.15}
}

