This file was created with JabRef 1.8.1.
Encoding: Cp1252

@INPROCEEDINGS{rsmEpia,
  author = {Lu{\'i}s Moniz Pereira and Alexandre Miguel Pinto},
  title = {Revised Stable Models -- a Semantics for Logic Programs},
  booktitle = {Progress in Artificial Intelligence, Procs. 12th Portuguese Intl.Conf.
	onArtificial Intelligence (EPIA'05)},
  year = {2005},
  editor = {C. Bento and A. Cardoso and G. Dias},
  pages = {29--42},
  month = {December},
  publisher = {Springer},
}

@INPROCEEDINGS{rsmItaly,
  author = {Luís Moniz Pereira and Alexandre Miguel Pinto},
  title = {Revised Stable Models -- a new semantics for logic programs},
  booktitle = {Proceedings of the convegno Italiano di Logica Computazionale (CILC'04)},
  year = {2004},
  address = {Parma, Italy},
  month = {July},
  owner = {Luis},
  timestamp = {2006.06.14},
}

@MASTERSTHESIS{ampMSc,
  author = {Alexandre Miguel Pinto},
  title = {Explorations in Revised Stable Models -- A new semantics for logic
	programs},
  school = {Departamento de Inform{\'a}tica, Faculdade de Ci{\^e}ncias e Tecnologia,Universidade
	Nova de Lisboa, Portugal},
  year = {2005},
}

