This file was created with JabRef 1.8.1.
Encoding: Cp1252

@ARTICLE{bidoit,
  author = {N. Bidoit and C. Froidevaux},
  title = {General logic databases and programs: default logic semantics and
	stratification},
  journal = {Journal of Information and Computation},
  year = {1988},
  owner = {Luis},
  timestamp = {2006.06.13},
}

@ARTICLE{fages,
  author = {Fran√ßois Fages},
  title = {Consistency of Clark's completion and existence of stable models},
  journal = {Methods of Logic in Computer Science},
  year = {1991},
  volume = {38},
  pages = {620--650},
  number = {3},
  month = {July},
  owner = {Luis},
  timestamp = {2006.06.14},
}

@INPROCEEDINGS{gelfondStratified,
  author = {Michael Gelfond},
  title = {On stratified autoepistemic theories},
  booktitle = {AAAI'87},
  year = {1987},
  editor = {Morgan Kaufman},
  pages = {207--211},
  journal = {AAAI'87},
  owner = {Luis},
  timestamp = {2006.06.13},
}

@INPROCEEDINGS{smMain,
  author = {Michael Gelfond and Vladimir Lifschitz},
  title = {The Stable Model Semantics for Logic Programming},
  booktitle = {Proceedings of the Fifth International Conference on Logic Programming},
  year = {1988},
  editor = {Robert A. Kowalski and Kenneth Bowen},
  pages = {1070--1080},
  address = {Cambridge, Massachusetts, USA},
  publisher = {The MIT Press},
}

@ARTICLE{npComputation,
  author = {W. Marek and M. Truszczynski},
  title = {Autoepistemic Logics},
  journal = {Journal of the ACM},
  year = {1991},
  volume = {38},
  pages = {588--619},
  number = {3},
  owner = {Luis},
  timestamp = {2006.06.14},
}

