This file was created with JabRef 2.1.
Encoding: Cp1252

@INPROCEEDINGS{wfsDualities,
  author = {Chitta R. Baral and V. S. Subrahmanian},
  title = {Dualities between alternative semantics for logic programming and
	nonmonotonicreasoning},
  booktitle = {Logic Programming and Non-Monotonic Reasoning, Proceedings of the
	first International Workshop},
  year = {1991},
  editor = {Anil Nerode and Wiktor Marek and V. S. Subrahmanian},
  pages = {69--86},
  address = {College Park, MD, USA},
  publisher = {MIT Press}
}

@ARTICLE{wfsRelation,
  author = {P. M. Dung},
  title = {On the relation between stable and well-founded semantics of logic
	programs},
  journal = {Theoretical Computer Science: Logic, semantics and theory of programming},
  year = {1990},
  volume = {2},
  pages = {75--78},
  owner = {Luis},
  timestamp = {2006.06.14}
}

@INPROCEEDINGS{wfsGeneralized,
  author = {Melvin C. Fitting},
  title = {Well-Founded Semantics, generalized},
  booktitle = {International Symposium on Logic Programming},
  year = {1991},
  pages = {71--84},
  owner = {Luis},
  timestamp = {2006.06.14}
}

@INPROCEEDINGS{alternatingFixpoint,
  author = {Alan van Gelder},
  title = {The alternating fixpoint of logic programs with negation},
  booktitle = {Proceedings of the 8th ACM Symposium on Principles of Database Systems},
  year = {1989},
  pages = {1--10},
  owner = {Luis},
  timestamp = {2006.06.14}
}

@ARTICLE{wfsMain,
  author = {Allen van Gelder and Kenneth Ross and John S. Schlipf},
  title = {The Well-Founded Semantics for General Logic Programs},
  journal = {Journal of the ACM},
  year = {1991},
  volume = {38},
  pages = {620--650}
}

@ARTICLE{oSemantics,
  author = {Lu{\'\i}s Moniz Pereira and Jos{\'e} J. Alferes and Joaquim N. Apar{\'\i}cio},
  title = {Adding closed world assumptions to well-founded semantics},
  journal = {Theoretical Computer Science},
  year = {1994},
  volume = {122},
  pages = {49--68},
  number = {1--2}
}

@INPROCEEDINGS{wfsPractical,
  author = {Lu{\'i}s Moniz Pereira and Jos{\'e} J{\'u}lio Alferes and Joaquim
	Nunes Apar{\'i}cio},
  title = {A practical introduction to well founded semantics},
  booktitle = {Proceedings of the Third Scandinavian Conference on Artificial Intelligence},
  year = {1991},
  editor = {Brian H. Mayoh},
  volume = {12},
  series = {Frontiers in Artificial Intelligence and Applications},
  month = {May},
  owner = {luis},
  timestamp = {2006.02.21}
}

@INPROCEEDINGS{wfsNMR,
  author = {Lu{\'i}s Moniz Pereira and Joaquim Nunes Apar{\'i}cio and Jos{\'e}
	J{\'u}lio Alferes},
  title = {Nonmonotonic Reasoning with Well Founded Semantics},
  booktitle = {Proceedings of the Eighth International Conference on Logic Programming},
  year = {1991},
  editor = {Furukawa, Koichi},
  pages = {475--489},
  address = {Paris, France},
  publisher = {The MIT Press}
}

@INCOLLECTION{semanticIssues,
  author = {Halina Przymusinska and Teodor C. Przymusinski},
  title = {Semantic issues in deductive databases and logic programs},
  booktitle = {Formal Techniques in Artificial Intelligence, a Sourcebook},
  publisher = {North Holland},
  year = {1990},
  editor = {R. Banerji},
  pages = {321--367},
  owner = {Luis},
  timestamp = {2006.06.14}
}

@INPROCEEDINGS{wfsTwoChar,
  author = {Teodor C. Przymusinski},
  title = {Two Simple Characterizations of Well-Founded Semantics},
  booktitle = {Mathematical Foundations of Computer Science},
  year = {1992},
  pages = {451-462}
}

@ARTICLE{wfsCoincides,
  author = {Teodor C. Przymusinski},
  title = {The well-founded semantics coincides with the three-valued stable
	semantics},
  journal = {Fundamenta Informaticae},
  year = {1989},
  owner = {Luis},
  timestamp = {2006.06.14}
}

@INPROCEEDINGS{xsbArticle,
  author = {P. Rao and K. Sagonas and T. Swift and D. S. Warren and J. Freire},
  title = {XSB: A system for efficiently computing WFS},
  booktitle = {Proceedings of the 4th International conference on Logic Programming
	and Nonmonotonic Reasoning},
  year = {1997},
  editor = {J. Dix and Ulrich Furbach and Anil Nerode},
  volume = {1265},
  series = {LNAI},
  pages = {430--440},
  address = {Berlin},
  month = {July},
  owner = {Luis},
  timestamp = {2006.06.14}
}

@TECHREPORT{branchBound,
  author = {V. S. Subrahmanian and D. Nau and C. Vago},
  title = {WFS + branch and bound = stable models},
  institution = {Department of Computer Science, University of MAryland at College
	Park},
  year = {1992},
  owner = {Luis},
  timestamp = {2006.06.14}
}

@MISC{xsbSite,
  author = {XSB-Prolog},
  title = {The XSB logic programming system, version 2.5},
  howpublished = {Available at \url{http://xsb.sourceforge.net/}},
  year = {2002},
  owner = {Luis},
  timestamp = {2006.06.14}
}

