@inproceedings{rsm,
	author={Lu{\'i}s Moniz Pereira and Alexandre Miguel Pinto},
	title={Revised Stable Models -- a Semantics for Logic Programs},
	booktitle={Progress in Artificial Intelligence, Procs. 12th Portuguese Intl.Conf. on
		Artificial Intelligence (EPIA'05)},
	year={2005},
	month={December},
	publisher={Springer},
	editor={C. Bento and A. Cardoso and G. Dias},
	pages={29-42}
}

