@inproceedings{rsmEpia,
	author={Lu{\'i}s Moniz Pereira and Alexandre Miguel Pinto},
	title={Revised Stable Models -- a Semantics for Logic Programs},
	booktitle={Progress in Artificial Intelligence, Procs. 12th Portuguese Intl.Conf. on
		Artificial Intelligence (EPIA'05)},
	year={2005},
	month={December},
	publisher={Springer},
	editor={C. Bento and A. Cardoso and G. Dias},
	pages={29--42}
}

@mastersthesis{ampMSc,
	author={Alexandre Miguel Pinto},
	title={Explorations in Revised Stable Models -- A new semantics for logic programs},
	school={Departamento de Inform{\'a}tica, Faculdade de Ci{\^e}ncias e Tecnologia,
		Universidade Nova de Lisboa, Portugal},
	year={2005}
}

